<?xml version="1.0" encoding="UTF-8"?><collection xmlns="http://www.loc.gov/MARC21/slim"><record><leader>00455nam--2200169-u-4500</leader><controlfield tag="001">000056670</controlfield><controlfield tag="002">20161230</controlfield><controlfield tag="005">20161230201052</controlfield><controlfield tag="008">160406s1000------------r-----000-0-eng-d</controlfield><datafield ind1=" " ind2=" " tag="040"><subfield code="a">IFIN-HH</subfield></datafield><datafield ind1=" " ind2=" " tag="080"><subfield code="a">53</subfield></datafield><datafield ind1="1" ind2=" " tag="100"><subfield code="a">Hughes, Donald J</subfield></datafield><datafield ind1="1" ind2="0" tag="245"><subfield code="a">Neutron cross sections july 1, 1958</subfield><subfield code="c">Donad j. hughes, robert b. schwartz</subfield></datafield><datafield ind1=" " ind2=" " tag="260"><subfield code="a">New York</subfield><subfield code="b">Broojhaven National Laboratory</subfield><subfield code="c">1958</subfield></datafield><datafield ind1=" " ind2=" " tag="300"><subfield code="a">373P</subfield></datafield><datafield ind1="1" ind2=" " tag="700"><subfield code="a">Schwartz, Robert B</subfield></datafield><datafield ind1=" " ind2=" " tag="852"><subfield code="a">13512</subfield></datafield></record></collection>